<?xml version="1.0" encoding="UTF-8"?><collection xmlns="http://www.loc.gov/MARC21/slim"><record><leader>00505nam--2200193-i-4500</leader><controlfield tag="001">000002504</controlfield><controlfield tag="002">20161230</controlfield><controlfield tag="005">20161230201025</controlfield><controlfield tag="008">060222s1000------------r-----000-0-rus-d</controlfield><datafield ind1=" " ind2=" " tag="040"><subfield code="a">IFIN-HH</subfield></datafield><datafield ind1=" " ind2=" " tag="041"><subfield code="a">rus</subfield></datafield><datafield ind1=" " ind2=" " tag="080"><subfield code="a">539.1.074.27</subfield></datafield><datafield ind1="1" ind2=" " tag="100"><subfield code="a">Vorobiev, A.A</subfield></datafield><datafield ind1="1" ind2="0" tag="245"><subfield code="a">Tehnika iskrovih kamer</subfield><subfield code="c">A.a. vorobiev, n.s. rudenko, v.i. smetanin</subfield></datafield><datafield ind1=" " ind2=" " tag="260"><subfield code="a">Moskva</subfield><subfield code="b">Atomizdat</subfield><subfield code="c">1978</subfield></datafield><datafield ind1=" " ind2=" " tag="300"><subfield code="a">119P</subfield></datafield><datafield ind1="1" ind2=" " tag="700"><subfield code="a">Smetanin, V.I</subfield></datafield><datafield ind1=" " ind2=" " tag="852"><subfield code="a">47860</subfield><subfield code="c">539.1.07:539.1.08</subfield></datafield><datafield ind1=" " ind2=" " tag="CAT"><subfield code="a">Sys</subfield><subfield code="c">20111027</subfield><subfield code="h">142115</subfield></datafield></record></collection>